@article{Chatziioannou:2012rf,
      author         = "Chatziioannou, Katerina and Yunes, Nicolas and Cornish,
                        Neil",
      title          = "{Model-Independent Test of General Relativity: An
                        Extended post-Einsteinian Framework with Complete
                        Polarization Content}",
      journal        = "Phys. Rev.",
      volume         = "D86",
      year           = "2012",
      pages          = "022004",
      doi            = "10.1103/PhysRevD.86.022004, 10.1103/PhysRevD.95.129901",
      note           = "[Erratum: Phys. Rev.D95,no.12,129901(2017)]",
      eprint         = "1204.2585",
      archivePrefix  = "arXiv",
      primaryClass   = "gr-qc",
      SLACcitation   = "%%CITATION = ARXIV:1204.2585;%%"
}
@article{Yunes:2009yz,
      author         = "Yunes, Nicolas and Arun, K. G. and Berti, Emanuele and
                        Will, Clifford M.",
      title          = "{Post-Circular Expansion of Eccentric Binary Inspirals:
                        Fourier-Domain Waveforms in the Stationary Phase
                        Approximation}",
      journal        = "Phys. Rev.",
      volume         = "D80",
      year           = "2009",
      number         = "8",
      pages          = "084001",
      doi            = "10.1103/PhysRevD.89.109901, 10.1103/PhysRevD.80.084001",
      note           = "[Erratum: Phys. Rev.D89,no.10,109901(2014)]",
      eprint         = "0906.0313",
      archivePrefix  = "arXiv",
      primaryClass   = "gr-qc",
      SLACcitation   = "%%CITATION = ARXIV:0906.0313;%%"
}
@article{Yunes:2009ke,
      author         = "Yunes, Nicolas and Pretorius, Frans",
      title          = "{Fundamental Theoretical Bias in Gravitational Wave
                        Astrophysics and the Parameterized Post-Einsteinian
                        Framework}",
      journal        = "Phys. Rev.",
      volume         = "D80",
      year           = "2009",
      pages          = "122003",
      doi            = "10.1103/PhysRevD.80.122003",
      eprint         = "0909.3328",
      archivePrefix  = "arXiv",
      primaryClass   = "gr-qc",
      SLACcitation   = "%%CITATION = ARXIV:0909.3328;%%"
}
@article{Tichy:1999pv,
      author         = "Tichy, Wolfgang and Flanagan, Eanna E. and Poisson, Eric",
      title          = "{Can the postNewtonian gravitational wave form of an
                        inspiraling binary be improved by solving the energy
                        balance equation numerically?}",
      journal        = "Phys. Rev.",
      volume         = "D61",
      year           = "2000",
      pages          = "104015",
      doi            = "10.1103/PhysRevD.61.104015",
      eprint         = "gr-qc/9912075",
      archivePrefix  = "arXiv",
      primaryClass   = "gr-qc",
      SLACcitation   = "%%CITATION = GR-QC/9912075;%%"
}
@article{Stein:2013wza,
      author         = "Stein, Leo C. and Yagi, Kent",
      title          = "{Parametrizing and constraining scalar corrections to
                        general relativity}",
      journal        = "Phys. Rev.",
      volume         = "D89",
      year           = "2014",
      number         = "4",
      pages          = "044026",
      doi            = "10.1103/PhysRevD.89.044026",
      eprint         = "1310.6743",
      archivePrefix  = "arXiv",
      primaryClass   = "gr-qc",
      SLACcitation   = "%%CITATION = ARXIV:1310.6743;%%"
}
@article{Aubert:2006sb,
      author         = "Aubert, Bernard and others",
      title          = "{Measurements of branching fraction, polarization, and
                        charge asymmetry of $B^\pm \to \rho^\pm \rho^0$ and a
                        search for $B^\pm \to \rho^\pm$ f0(980)}",
      booktitle      = "{Proceedings of the 33rd International Conference on High
                        Energy Physics (ICHEP '06): Moscow, Russia, July 26-August
                        2, 2006}",
      collaboration  = "BaBar",
      journal        = "Phys. Rev. Lett.",
      volume         = "97",
      year           = "2006",
      pages          = "261801",
      doi            = "10.1103/PhysRevLett.97.261801",
      eprint         = "hep-ex/0607092",
      archivePrefix  = "arXiv",
      primaryClass   = "hep-ex",
      reportNumber   = "SLAC-PUB-11981, BABAR-PUB-06-052",
      SLACcitation   = "%%CITATION = HEP-EX/0607092;%%"
}



@article{Yagi:2012vf,
      author         = "Yagi, Kent and Yunes, Nicolas and Tanaka, Takahiro",
      title          = "{Gravitational Waves from Quasi-Circular Black Hole
                        Binaries in Dynamical Chern-Simons Gravity}",
      journal        = "Phys. Rev. Lett.",
      volume         = "109",
      year           = "2012",
      pages          = "251105",
      doi            = "10.1103/PhysRevLett.116.169902,
                        10.1103/PhysRevLett.109.251105",
      note           = "[Erratum: Phys. Rev. Lett.116,no.16,169902(2016)]",
      eprint         = "1208.5102",
      archivePrefix  = "arXiv",
      primaryClass   = "gr-qc",
      SLACcitation   = "%%CITATION = ARXIV:1208.5102;%%"
}
@article{Hansen:2014ewa,
      author         = "Hansen, Devin and Yunes, Nicolás and Yagi, Kent",
      title          = "{Projected Constraints on Lorentz-Violating Gravity with
                        Gravitational Waves}",
      journal        = "Phys. Rev.",
      volume         = "D91",
      year           = "2015",
      number         = "8",
      pages          = "082003",
      doi            = "10.1103/PhysRevD.91.082003",
      eprint         = "1412.4132",
      archivePrefix  = "arXiv",
      primaryClass   = "gr-qc",
      SLACcitation   = "%%CITATION = ARXIV:1412.4132;%%"
}

@article{Kobakhidze:2016cqh,
      author         = "Kobakhidze, Archil and Lagger, Cyril and Manning, Adrian",
      title          = "{Constraining noncommutative spacetime from GW150914}",
      journal        = "Phys. Rev.",
      volume         = "D94",
      year           = "2016",
      number         = "6",
      pages          = "064033",
      doi            = "10.1103/PhysRevD.94.064033",
      eprint         = "1607.03776",
      archivePrefix  = "arXiv",
      primaryClass   = "gr-qc",
      SLACcitation   = "%%CITATION = ARXIV:1607.03776;%%"
}
@article{Yunes:2016jcc,
      author         = "Yunes, Nicolas and Yagi, Kent and Pretorius, Frans",
      title          = "{Theoretical Physics Implications of the Binary
                        Black-Hole Mergers GW150914 and GW151226}",
      journal        = "Phys. Rev.",
      volume         = "D94",
      year           = "2016",
      number         = "8",
      pages          = "084002",
      doi            = "10.1103/PhysRevD.94.084002",
      eprint         = "1603.08955",
      archivePrefix  = "arXiv",
      primaryClass   = "gr-qc",
      SLACcitation   = "%%CITATION = ARXIV:1603.08955;%%"
}

@article{Yagi:2011xp,
      author         = "Yagi, Kent and Stein, Leo C. and Yunes, Nicolás and
                        Tanaka, Takahiro",
      title          = "{Post-Newtonian, Quasi-Circular Binary Inspirals in
                        Quadratic Modified Gravity}",
      journal        = "Phys. Rev.",
      volume         = "D85",
      year           = "2012",
      pages          = "064022",
      doi            = "10.1103/PhysRevD.93.029902, 10.1103/PhysRevD.85.064022",
      note           = "[Erratum: Phys. Rev.D93,no.2,029902(2016)]",
      eprint         = "1110.5950",
      archivePrefix  = "arXiv",
      primaryClass   = "gr-qc",
      SLACcitation   = "%%CITATION = ARXIV:1110.5950;%%"
}

@article{PhysRevLett.65.953,
  title = {G\ifmmode \dot{}\else \.{}\fi{}/G and a cosmological acceleration of gravitationally compact bodies},
  author = {Nordtvedt, Ken},
  journal = {Phys. Rev. Lett.},
  volume = {65},
  issue = {8},
  pages = {953--956},
  numpages = {0},
  year = {1990},
  month = {Aug},
  publisher = {American Physical Society},
  doi = {10.1103/PhysRevLett.65.953},
  url = {https://link.aps.org/doi/10.1103/PhysRevLett.65.953}
}
@article{PhysRevD.49.2658,
  title = {Gravitational waves from merging compact binaries: How accurately can one extract the binary's parameters from the inspiral waveform?},
  author = {Cutler, Curt and Flanagan, \'Eanna E.},
  journal = {Phys. Rev. D},
  volume = {49},
  issue = {6},
  pages = {2658--2697},
  numpages = {0},
  year = {1994},
  month = {Mar},
  publisher = {American Physical Society},
  doi = {10.1103/PhysRevD.49.2658},
  url = {https://link.aps.org/doi/10.1103/PhysRevD.49.2658}
}

@article{Blanchet:2002av,
      author         = "Blanchet, Luc",
      title          = "{Gravitational radiation from postNewtonian sources and
                        inspiraling compact binaries}",
      journal        = "Living Rev. Rel.",
      volume         = "5",
      year           = "2002",
      pages          = "3",
      doi            = "10.12942/lrr-2002-3",
      eprint         = "gr-qc/0202016",
      archivePrefix  = "arXiv",
      primaryClass   = "gr-qc",
      SLACcitation   = "%%CITATION = GR-QC/0202016;%%"
}

@article{Yunes:2009bv,
      author         = "Yunes, Nicolas and Pretorius, Frans and Spergel, David",
      title          = "{Constraining the evolutionary history of Newton's
                        constant with gravitational wave observations}",
      journal        = "Phys. Rev.",
      volume         = "D81",
      year           = "2010",
      pages          = "064018",
      doi            = "10.1103/PhysRevD.81.064018",
      eprint         = "0912.2724",
      archivePrefix  = "arXiv",
      primaryClass   = "gr-qc",
      SLACcitation   = "%%CITATION = ARXIV:0912.2724;%%"
}

@article{TheLIGOScientific:2016wfe,
      author         = "Abbott, B. P. and others",
      title          = "{Properties of the Binary Black Hole Merger GW150914}",
      collaboration  = "Virgo, LIGO Scientific",
      journal        = "Phys. Rev. Lett.",
      volume         = "116",
      year           = "2016",
      number         = "24",
      pages          = "241102",
      doi            = "10.1103/PhysRevLett.116.241102",
      eprint         = "1602.03840",
      archivePrefix  = "arXiv",
      primaryClass   = "gr-qc",
      reportNumber   = "LIGO-P1500218",
      SLACcitation   = "%%CITATION = ARXIV:1602.03840;%%"
}

